@misc{hkco,
	author = "Hong Kong Chinese Orchestra",
	howpublished = "hkco.org",
	note = "Accessed: 2019-03-28",
	title = "Instrument {R\&D}",
	url = "http://www.hkco.org/en/Instrument-Rd/Chinese-Instruments/Wind-Instruments.html",
	year = "2019"
}

@misc{paixiao,
	author = "",
	howpublished = "wikipedia.org",
	note = "Accessed: 2019-03-28",
	title = "Paixiao",
	url = "https://en.wikipedia.org/wiki/Paixiao",
	year = "2019"
}

@misc{timbres,
	author = "Michael Hopkin",
	howpublished = "nature.com",
	note = "Accessed: 2019-04-17",
	title = "Physicists learn secrets of didgeridoo",
	url = "https://www.nature.com/news/2005/050704/full/news050704-7.html",
	year = "2005"
}

@misc{threshold,
	author = "Nelson Guda",
	howpublished = "nelsonguda.com",
	note = "Accessed: 2019-04-17",
	title = "Threshold",
	url = "https://nelsonguda.com/project/threshold/",
	year = ""
}

@misc{terminology,
	author = "Spirit Gallery",
	howpublished = "spiritgallery.com.au",
	note = "Accessed: 2019-04-19",
	title = "Didgeridoo Terminology",
	url = "https://www.spiritgallery.com.au/didgeridoo-terminology",
	year = ""
}


@misc{tempData,
	author = "The Berkeley Earth Surface Temperature Study",
	howpublished = "berkeleyearth.org",
	note = "Accessed: 2019-04-17",
	title = "Berkeley Earth Data",
	url = "http://berkeleyearth.org/data/",
	year = ""
}

@misc{tempDataViz,
	author = "Dave Rosenman",
	howpublished = "kaggle.com",
	note = "Accessed: 2019-04-17",
	title = "Climate Change: Land Temperature Data, 1850-2015",
	url = "https://www.kaggle.com/daverosenman/climate-change-land-temperature-data-1850-2015/data",
	year = "2017"
}

@inbook{sonification,
author = {Nees, Michael and Walker, Bruce},
year = {2012},
month = {01},
pages = {9-39},
title = {Theory of Sonification},
url = "http://sonify.psych.gatech.edu/~ben/references/nees_theory_of_sonification.pdf",
isbn = {978-3-8325-2819-5}
}

@misc{tuning,
	author = "Didjshop",
	howpublished = "didjshop.com",
	note = "Accessed: 2019-04-17",
	title = "Physics of the didgeridoo",
	url = "https://www.didjshop.com/physicsDidj.html",
	year = "2016"
}

@article{tarnopolsky,
    author =       "Tarnopolsky, A. and Fletcher, N. and Hollenberg, L. and Lange, B. and Smith, J. and Wolfe, J.",
    title =        "{Acoustics: the vocal tract and the sound of a didgeridoo.}",
    journal =      "Nature",
    volume =       "436",
    number =       "7047",
    pages =        "39",
    year =         "2005",
    DOI =          "10.1038/43639a",
    note=          {\url{https://www.nature.com/articles/436039a}}
}

@article{fletcher,
    author =       "Fletcher, N.",
    title =        "{The Didjeridoo (Didgeridoo).}",
    journal =      "Acoustics Australia",
    volume =       "24",
    number =       "1",
    pages =        "11-15",
    year =         "1996",
    url=          "https://www.acoustics.asn.au/journal/1996/1996_24_1_Fletcher.pdf"
}

@misc{harris,
	author = "Matthew Harris",
	howpublished = "didjiman.com",
	note = "Accessed: 2019-04-17",
	title = "The Didgeridoo",
	url = "http://didjiman.com/didjeridu/",
	year = "2013"
}


